@article{gandomi2015beyond,
  title={Beyond the hype: Big data concepts, methods, and analytics},
  author={Gandomi, Amir and Haider, Murtaza},
  journal={International Journal of Information Management},
  volume={35},
  number={2},
  pages={137--144},
  year={2015},
  publisher={Elsevier}
}

@article{li2016geospatial,
  title={Geospatial big data handling theory and methods: A review and research challenges},
  author={Li, Songnian and Dragicevic, Suzana and Castro, Francesc Ant{\'o}n and Sester, Monika and Winter, Stephan and Coltekin, Arzu and Pettit, Christopher and Jiang, Bin and Haworth, James and Stein, Alfred and others},
  journal={ISPRS journal of Photogrammetry and Remote Sensing},
  volume={115},
  pages={119--133},
  year={2016},
  publisher={Elsevier}
}

@article{kitchin2013big,
  title={Big data and human geography: Opportunities, challenges and risks},
  author={Kitchin, Rob},
  journal={Dialogues in human geography},
  volume={3},
  number={3},
  pages={262--267},
  year={2013},
  publisher={Sage Publications Sage UK: London, England}
}

@article{miller2015data,
  title={Data-driven geography},
  author={Miller, Harvey J and Goodchild, Michael F},
  journal={GeoJournal},
  volume={80},
  number={4},
  pages={449--461},
  year={2015},
  publisher={Springer}
}

@article{kitchin2014big,
  title={Big Data, new epistemologies and paradigm shifts},
  author={Kitchin, Rob},
  journal={Big Data \& Society},
  volume={1},
  number={1},
  pages={2053951714528481},
  year={2014},
  publisher={SAGE Publications Sage UK: London, England}
}


